<record><leader>00000cas a22000007a 4500</leader><controlfield tag="001">21665624</controlfield><controlfield tag="008">900601d18911891mouwr ne      0    0eng d</controlfield><datafield ind1=" " ind2=" " tag="010"><subfield code="a">sn 90061907 </subfield></datafield><datafield ind1=" " ind2=" " tag="040"><subfield code="a">MQN</subfield><subfield code="b">eng</subfield><subfield code="c">MQN</subfield><subfield code="d">OCLCQ</subfield></datafield><datafield ind1=" " ind2=" " tag="042"><subfield code="a">msc</subfield></datafield><datafield ind1="0" ind2=" " tag="130"><subfield code="a">Warren County democrat (Warrenton, Mo.)</subfield></datafield><datafield ind1="1" ind2="0" tag="245"><subfield code="a">Warren County democrat.</subfield></datafield><datafield ind1=" " ind2=" " tag="260"><subfield code="a">Warrenton, Mo. :</subfield><subfield code="b">Harry S. Rittenhouse</subfield></datafield><datafield ind1=" " ind2=" " tag="300"><subfield code="a">v.</subfield></datafield><datafield ind1=" " ind2=" " tag="310"><subfield code="a">Weekly</subfield></datafield><datafield ind1="1" ind2=" " tag="362"><subfield code="a">Began and ceased in 1891?</subfield></datafield><datafield ind1=" " ind2=" " tag="588"><subfield code="a">Description based on: Vol. 1, no. 41 (Dec. 11, 1891).</subfield></datafield><datafield ind1=" " ind2=" " tag="752"><subfield code="a">United States</subfield><subfield code="b">Missouri</subfield><subfield code="c">Warren</subfield><subfield code="d">Warrenton.</subfield></datafield></record>